
%
%  $Description: Sample bibliography$ 
% 
%  $Author: ienne $ 
%  $Date: 1995/09/15 15:19:53 $
%  $Revision: 1.3 $
%

@misc{shahroz2021covid19,
      title={COVID-19 Digital Contact Tracing Applications and Techniques: A Review Post Initial Deployments}, 
      author={Muhammad Shahroz and Farooq Ahmad and Muhammad Shahzad Younis and Nadeem Ahmad and Maged N. Kamel Boulos and Ricardo Vinuesa and Junaid Qadir},
      year={2021},
      eprint={2103.01766},
      archivePrefix={arXiv},
      primaryClass={cs.CY}
}

@online{menzli-blog,
  author = {Amal Menzli},
  title = {Graph Neural Network and Some of GNN Applications: Everything You Need to Know},  
  year = {2023},
  month = {September 11},
  url = {https://neptune.ai/blog/graph-neural-network-and-some-of-gnn-applications#:~:text=Graph%20Neural%20Networks%20(GNNs)%20are,and%20graph%2Dlevel%20prediction%20tasks}, 
  organization = {Neptune AI}
}

@misc{dglLinkPrediction,
	author = {},
	title = {Link Prediction using Graph Neural Networks; DGL 0.8.2post1 documentation --- docs.dgl.ai},
	url = {https://docs.dgl.ai/en/0.8.x/tutorials/blitz/4_link_predict.html},
	year = {2018}
}


@Book{ex2,
   author =   "Expert, Andreas Nikolaos", 
   title =   "A Book He Wrote", 
   publisher =   "His Publisher",
   address = "Erewhon, NC",
   year =   "1999"
}

@online{SEIRD-LSTM,
  author = {Tijana Geroski and Andjela Blagojevic and Danijela M Cvetković and Aleksandar M Cvetković and Ivan Lorencin and Sandi Baressi Šegota and Dragan Milovanovic and Dejan Baskic and Zlatan Car and Nenad Filipovic},
  title = {Epidemiological Predictive Modeling of COVID-19 Infection: Development, Testing, and Implementation on the Population of the Benelux Union},  
  year = {2021},
  month = {October 28},
  url = {https://www.frontiersin.org/articles/10.3389/fpubh.2021.727274/full}, 
  organization = {Frontiers in Public Health}
}

@online{SIR,
  author = {Ramjeet Singh Yadav},
  title = {Mathematical Modeling and Simulation of SIR Model for COVID-2019 Epidemic Outbreak: A Case Study of India},  
  year = {2020},
  month = {May 21},
  url = {https://www.medrxiv.org/content/10.1101/2020.05.15.20103077v2}, 
  organization = {medRxiv}
}

@online{SIRD-LSTM-hybrid,
  author = {Arthur Bousquet and William H. Conrad and Said Omer Sadat and Nelli Vardanyan and Youngjoon Hong},
  title = {Deep learning forecasting using time-varying parameters of the SIRD model for Covid-19},  
  year = {2022},
  month = {February 22},
  url = {https://www.nature.com/articles/s41598-022-06992-0}, 
  organization = {Scientific Reports}
}

@online{positivity-hospitalization-GNN,
  author = {Konstantinos Skianis and Giannis Nikolentzos and Benoit Gallix and Rodolphe Thiebaut and Georgios Exarchakis},
  title = {Predicting COVID-19 positivity and hospitalization with multi-scale graph neural networks},  
  year = {2023},
  month = {March 31},
  url = {https://www.ncbi.nlm.nih.gov/pmc/articles/PMC10066232/}, 
  organization = {Scientific Reports}
}

@inproceedings{link-prediction-GNN,
  author = {Muhan Zhang and Yixin Chen},
  booktitle = {Advances in Neural Information Processing Systems},
  editor = {S. Bengio and H. Wallach and H. Larochelle and K. Grauman and N. Cesa-Bianchi and R. Garnett},
  pages = {},
  publisher = {Curran Associates, Inc.},
  title = {Link Prediction Based on Graph Neural Networks},
  url = {https://proceedings.neurips.cc/paper_files/paper/2018/file/53f0d7c537d99b3824f0f99d62ea2428-Paper.pdf},
  volume = {31},
  year = {2018}
}

@misc{contact-tracing-GNN,
      title={DeepTrace: Learning to Optimize Contact Tracing in Epidemic Networks with Graph Neural Networks}, 
      author={Chee Wei Tan and Pei-Duo Yu and Siya Chen and H. Vincent Poor},
      year={2023},
      eprint={2211.00880},
      archivePrefix={arXiv},
      primaryClass={cs.SI}
}

@data{DVN/PFLAH4_2020,
author = {China Data Lab},
publisher = {Harvard Dataverse},
title = {{Foursquare Community Mobility Data with Basemap (US)}},
UNF = {UNF:6:cJ9K7sduTS581/LHo6hDMQ==},
year = {2020},
version = {V19},
doi = {10.7910/DVN/PFLAH4},
url = {https://doi.org/10.7910/DVN/PFLAH4}
}

@misc{flaxman2020estimating,
  title={Estimating the number of infections and the impact of non-pharmaceutical interventions on COVID-19 in European countries: technical description update}, 
  author={Seth Flaxman and Swapnil Mishra and Axel Gandy and H Juliette T Unwin and Thomas A Mellan and Helen Coupland and et al.},
  year={2020},
  eprint={2004.11342},
  archivePrefix={arXiv},
  primaryClass={stat.AP}
}

@misc{grover2016node2vec,
      title={node2vec: Scalable Feature Learning for Networks}, 
      author={Aditya Grover and Jure Leskovec},
      year={2016},
      eprint={1607.00653},
      archivePrefix={arXiv},
      primaryClass={cs.SI}
}

@misc{hamilton2018inductive,
      title={Inductive Representation Learning on Large Graphs}, 
      author={William L. Hamilton and Rex Ying and Jure Leskovec},
      year={2018},
      eprint={1706.02216},
      archivePrefix={arXiv},
      primaryClass={cs.SI}
}

@misc{kipf2017semisupervised,
      title={Semi-Supervised Classification with Graph Convolutional Networks}, 
      author={Thomas N. Kipf and Max Welling},
      year={2017},
      eprint={1609.02907},
      archivePrefix={arXiv},
      primaryClass={cs.LG}
}

@misc{veličković2018graph,
      title={Graph Attention Networks}, 
      author={Petar Veličković and Guillem Cucurull and Arantxa Casanova and Adriana Romero and Pietro Liò and Yoshua Bengio},
      year={2018},
      eprint={1710.10903},
      archivePrefix={arXiv},
      primaryClass={stat.ML}
}

@misc{kingma2017adam,
      title={Adam: A Method for Stochastic Optimization}, 
      author={Diederik P. Kingma and Jimmy Ba},
      year={2017},
      eprint={1412.6980},
      archivePrefix={arXiv},
      primaryClass={cs.LG}
}

@misc{rossi2020temporal,
      title={Temporal Graph Networks for Deep Learning on Dynamic Graphs}, 
      author={Emanuele Rossi and Ben Chamberlain and Fabrizio Frasca and Davide Eynard and Federico Monti and Michael Bronstein},
      year={2020},
      eprint={2006.10637},
      archivePrefix={arXiv},
      primaryClass={cs.LG}
}

@misc{xu2020inductive,
      title={Inductive Representation Learning on Temporal Graphs}, 
      author={Da Xu and Chuanwei Ruan and Evren Korpeoglu and Sushant Kumar and Kannan Achan},
      year={2020},
      eprint={2002.07962},
      archivePrefix={arXiv},
      primaryClass={cs.LG}
}