
%
%  $Description: Sample bibliography$ 
% 
%  $Author: ienne $ 
%  $Date: 1995/09/15 15:19:53 $
%  $Revision: 1.3 $
%

@misc{shahroz2021covid19,
      title={COVID-19 Digital Contact Tracing Applications and Techniques: A Review Post Initial Deployments}, 
      author={Muhammad Shahroz and Farooq Ahmad and Muhammad Shahzad Younis and Nadeem Ahmad and Maged N. Kamel Boulos and Ricardo Vinuesa and Junaid Qadir},
      year={2021},
      eprint={2103.01766},
      archivePrefix={arXiv},
      primaryClass={cs.CY}
}

@online{menzli-blog,
  author = {Amal Menzli},
  title = {Graph Neural Network and Some of GNN Applications: Everything You Need to Know},  
  year = {2023},
  month = {September 11},
  url = {https://neptune.ai/blog/graph-neural-network-and-some-of-gnn-applications#:~:text=Graph%20Neural%20Networks%20(GNNs)%20are,and%20graph%2Dlevel%20prediction%20tasks}, 
  organization = {Neptune AI}
}

@misc{dglLinkPrediction,
	author = {},
	title = {Link Prediction using Graph Neural Networks; DGL 0.8.2post1 documentation --- docs.dgl.ai},
	url = {https://docs.dgl.ai/en/0.8.x/tutorials/blitz/4_link_predict.html},
	year = {2018}
}


@Book{ex2,
   author =   "Expert, Andreas Nikolaos", 
   title =   "A Book He Wrote", 
   publisher =   "His Publisher",
   address = "Erewhon, NC",
   year =   "1999"
}

